@article{Cabral-Cano:2018,
    author = {Cabral‐Cano, E. and Pérez‐Campos, X. and Márquez‐Azúa, B. and Sergeeva, M. A. and Salazar‐Tlaczani, L. and DeMets, C. and Adams, D. and Galetzka, J. and Hodgkinson, K. and Feaux, K. and Serra, Y. L. and Mattioli, G. S. and Miller, M.},
    title = "{TLALOCNet: A Continuous GPS‐Met Backbone in Mexico for Seismotectonic and Atmospheric Research}",
    journal = {Seismological Research Letters},
    volume = {89},
    number = {2A},
    pages = {373-381},
    year = {2018},
    month = {02},
    issn = {0895-0695},
    doi = {10.1785/0220170190},
    url = {https://doi.org/10.1785/0220170190},
}

@ARTICLE{NewmanGirvan2004,
  author  = {Newman, M. E. J. and Girvan, M.},
  title   = {Finding and evaluating community 
               structure in networks},
  journal = {Phys. Rev. E.},
  volume  = {69},
  number  = {21},
  year    = {2004},
  pages   = {026113}
}

@article{GOODMAN:2013,
title = {The GOES-R Geostationary Lightning Mapper (GLM)},
journal = {Atmospheric Research},
volume = {125-126},
pages = {34-49},
year = {2013},
issn = {0169-8095},
doi = {https://doi.org/10.1016/j.atmosres.2013.01.006},
url = {https://www.sciencedirect.com/science/article/pii/S0169809513000434},
author = {Steven J. Goodman and Richard J. Blakeslee and William J. Koshak and Douglas Mach and Jeffrey Bailey and Dennis Buechler and Larry Carey and Chris Schultz and Monte Bateman and Eugene McCaul and Geoffrey Stano},
keywords = {Lightning, Thunderstorms, Satellite meteorology, Nowcasting},
}
